@inproceedings{reddi2016stochastic,
  title={Stochastic variance reduction for nonconvex optimization},
  author={Reddi, Sashank J and Hefny, Ahmed and Sra, Suvrit and P{\'o}czos, Barnab{\'a}s and Smola, Alex},
  booktitle={International conference on machine learning},
  pages={314--323},
  year={2016},
  organization={PMLR}
}

@article{johnson2013accelerating,
  title={Accelerating stochastic gradient descent using predictive variance reduction},
  author={Johnson, Rie and Zhang, Tong},
  journal={Advances in neural information processing systems},
  volume={26},
  year={2013}
}

@article{defazio2014saga,
  title={SAGA: A fast incremental gradient method with support for non-strongly convex composite objectives},
  author={Defazio, Aaron and Bach, Francis and Lacoste-Julien, Simon},
  journal={Advances in neural information processing systems},
  volume={27},
  year={2014}
}

@article{bottou2018optimization,
  title={Optimization methods for large-scale machine learning},
  author={Bottou, L{\'e}on and Curtis, Frank E and Nocedal, Jorge},
  journal={Siam Review},
  volume={60},
  number={2},
  pages={223--311},
  year={2018},
  publisher={SIAM}
}

@article{mansel2019sgd,
  title={SGD: General Analysis and Improved Rates},
  author={Mansel Gower, Robert and Loizou, Nicolas and Qian, Xun and Sailanbayev, Alibek and Shulgin, Egor and Richtarik, Peter},
  journal={arXiv e-prints},
  pages={arXiv--1901},
  year={2019}
}